@inproceedings{grover2016node2vec,
  title={node2vec: Scalable feature learning for networks},
  author={Grover, Aditya and Leskovec, Jure},
  booktitle={Proceedings of the 22nd ACM SIGKDD international conference on Knowledge discovery and data mining},
  pages={855--864},
  year={2016},
  organization={ACM}
}
@incollection{NIPS2012_4824,
title = {ImageNet Classification with Deep Convolutional Neural Networks},
author = {Alex Krizhevsky and Sutskever, Ilya and Geoffrey E. Hinton},
booktitle = {Advances in Neural Information Processing Systems 25},
editor = {F. Pereira and C.J.C. Burges and L. Bottou and K.Q. Weinberger},
pages = {1097--1105},
year = {2012},
publisher = {Curran Associates, Inc.},
url = {http://papers.nips.cc/paper/4824-imagenet-classification-with-deep-convolutional-neural-networks.pdf}
}
@article{hinton2006reducing,
  title={Reducing the dimensionality of data with neural networks},
  author={Hinton, Geoffrey E and Salakhutdinov, Ruslan R},
  journal={science},
  volume={313},
  number={5786},
  pages={504--507},
  year={2006},
  publisher={American Association for the Advancement of Science}
}
@inproceedings{mikolov2013distributed,
  title={Distributed representations of words and phrases and their compositionality},
  author={Mikolov, Tomas and Sutskever, Ilya and Chen, Kai and Corrado, Greg S and Dean, Jeff},
  booktitle={Advances in neural information processing systems},
  pages={3111--3119},
  year={2013}
}
@inproceedings{tang2015line,
  title={Line: Large-scale information network embedding},
  author={Tang, Jian and Qu, Meng and Wang, Mingzhe and Zhang, Ming and Yan, Jun and Mei, Qiaozhu},
  booktitle={Proceedings of the 24th international conference on world wide web},
  pages={1067--1077},
  year={2015},
  organization={International World Wide Web Conferences Steering Committee}
}
@inproceedings{perozzi2014deepwalk,
  title={Deepwalk: Online learning of social representations},
  author={Perozzi, Bryan and Al-Rfou, Rami and Skiena, Steven},
  booktitle={Proceedings of the 20th ACM SIGKDD international conference on Knowledge discovery and data mining},
  pages={701--710},
  year={2014},
  organization={ACM}
}
@article{wu2019comprehensive,
  title={A comprehensive survey on graph neural networks},
  author={Wu, Zonghan and Pan, Shirui and Chen, Fengwen and Long, Guodong and Zhang, Chengqi and Yu, Philip S},
  journal={arXiv preprint arXiv:1901.00596},
  year={2019}
}
@article{hinton2012deep,
  title={Deep neural networks for acoustic modeling in speech recognition},
  author={Hinton, Geoffrey and Deng, Li and Yu, Dong and Dahl, George and Mohamed, Abdel-rahman and Jaitly, Navdeep and Senior, Andrew and Vanhoucke, Vincent and Nguyen, Patrick and Kingsbury, Brian and others},
  journal={IEEE Signal processing magazine},
  volume={29},
  year={2012}
}
@inproceedings{deng2009imagenet,
  title={Imagenet: A large-scale hierarchical image database},
  author={Deng, Jia and Dong, Wei and Socher, Richard and Li, Li-Jia and Li, Kai and Fei-Fei, Li},
  booktitle={2009 IEEE conference on computer vision and pattern recognition},
  pages={248--255},
  year={2009},
  organization={Ieee}
}
@inproceedings{redmon2016you,
  title={You only look once: Unified, real-time object detection},
  author={Redmon, Joseph and Divvala, Santosh and Girshick, Ross and Farhadi, Ali},
  booktitle={Proceedings of the IEEE conference on computer vision and pattern recognition},
  pages={779--788},
  year={2016}
}
@article{luong2015effective,
  title={Effective approaches to attention-based neural machine translation},
  author={Luong, Minh-Thang and Pham, Hieu and Manning, Christopher D},
  journal={arXiv preprint arXiv:1508.04025},
  year={2015}
}
@article{kipf2016semi,
  title={Semi-supervised classification with graph convolutional networks},
  author={Kipf, Thomas N and Welling, Max},
  journal={arXiv preprint arXiv:1609.02907},
  year={2016}
}
@article{scarselli2008graph,
  title={The graph neural network model},
  author={Scarselli, Franco and Gori, Marco and Tsoi, Ah Chung and Hagenbuchner, Markus and Monfardini, Gabriele},
  journal={IEEE Transactions on Neural Networks},
  volume={20},
  number={1},
  pages={61--80},
  year={2008},
  publisher={IEEE}
}
@inproceedings{jain2016structural,
  title={Structural-RNN: Deep learning on spatio-temporal graphs},
  author={Jain, Ashesh and Zamir, Amir R and Savarese, Silvio and Saxena, Ashutosh},
  booktitle={Proceedings of the IEEE Conference on Computer Vision and Pattern Recognition},
  pages={5308--5317},
  year={2016}
}
@article{wu2019graph,
  title={Graph WaveNet for Deep Spatial-Temporal Graph Modeling},
  author={Wu, Zonghan and Pan, Shirui and Long, Guodong and Jiang, Jing and Zhang, Chengqi},
  journal={arXiv preprint arXiv:1906.00121},
  year={2019}
}
@article{henaff2015deep,
  title={Deep convolutional networks on graph-structured data},
  author={Henaff, Mikael and Bruna, Joan and LeCun, Yann},
  journal={arXiv preprint arXiv:1506.05163},
  year={2015}
}
@inproceedings{gallicchio2010graph,
  title={Graph echo state networks},
  author={Gallicchio, Claudio and Micheli, Alessio},
  booktitle={The 2010 International Joint Conference on Neural Networks (IJCNN)},
  pages={1--8},
  year={2010},
  organization={IEEE}
}
@article{li2015gated,
  title={Gated graph sequence neural networks},
  author={Li, Yujia and Tarlow, Daniel and Brockschmidt, Marc and Zemel, Richard},
  journal={arXiv preprint arXiv:1511.05493},
  year={2015}
}
@inproceedings{defferrard2016convolutional,
  title={Convolutional neural networks on graphs with fast localized spectral filtering},
  author={Defferrard, Micha{\"e}l and Bresson, Xavier and Vandergheynst, Pierre},
  booktitle={Advances in neural information processing systems},
  pages={3844--3852},
  year={2016}
}
@article{kipf2016semi,
  title={Semi-supervised classification with graph convolutional networks},
  author={Kipf, Thomas N and Welling, Max},
  journal={arXiv preprint arXiv:1609.02907},
  year={2016}
}
@article{levie2018cayleynets,
  title={Cayleynets: Graph convolutional neural networks with complex rational spectral filters},
  author={Levie, Ron and Monti, Federico and Bresson, Xavier and Bronstein, Michael M},
  journal={IEEE Transactions on Signal Processing},
  volume={67},
  number={1},
  pages={97--109},
  year={2018},
  publisher={IEEE}
}
@article{micheli2009neural,
  title={Neural network for graphs: A contextual constructive approach},
  author={Micheli, Alessio},
  journal={IEEE Transactions on Neural Networks},
  volume={20},
  number={3},
  pages={498--511},
  year={2009},
  publisher={IEEE}
}
@article{bacciu2018contextual,
  title={Contextual graph markov model: A deep and generative approach to graph processing},
  author={Bacciu, Davide and Errica, Federico and Micheli, Alessio},
  journal={arXiv preprint arXiv:1805.10636},
  year={2018}
}
@article{velivckovic2017graph,
  title={Graph attention networks},
  author={Veli{\v{c}}kovi{\'c}, Petar and Cucurull, Guillem and Casanova, Arantxa and Romero, Adriana and Lio, Pietro and Bengio, Yoshua},
  journal={arXiv preprint arXiv:1710.10903},
  year={2017}
}
@article{zhang2018gaan,
  title={Gaan: Gated attention networks for learning on large and spatiotemporal graphs},
  author={Zhang, Jiani and Shi, Xingjian and Xie, Junyuan and Ma, Hao and King, Irwin and Yeung, Dit-Yan},
  journal={arXiv preprint arXiv:1803.07294},
  year={2018}
}
@inproceedings{liu2019geniepath,
  title={Geniepath: Graph neural networks with adaptive receptive paths},
  author={Liu, Ziqi and Chen, Chaochao and Li, Longfei and Zhou, Jun and Li, Xiaolong and Song, Le and Qi, Yuan},
  booktitle={Proceedings of the AAAI Conference on Artificial Intelligence},
  volume={33},
  pages={4424--4431},
  year={2019}
}
@inproceedings{hamilton2017inductive,
  title={Inductive representation learning on large graphs},
  author={Hamilton, Will and Ying, Zhitao and Leskovec, Jure},
  booktitle={Advances in Neural Information Processing Systems},
  pages={1024--1034},
  year={2017}
}
@article{yu2017spatio,
  title={Spatio-temporal graph convolutional networks: A deep learning framework for traffic forecasting},
  author={Yu, Bing and Yin, Haoteng and Zhu, Zhanxing},
  journal={arXiv preprint arXiv:1709.04875},
  year={2017}
}
@inproceedings{yan2018spatial,
  title={Spatial temporal graph convolutional networks for skeleton-based action recognition},
  author={Yan, Sijie and Xiong, Yuanjun and Lin, Dahua},
  booktitle={Thirty-Second AAAI Conference on Artificial Intelligence},
  year={2018}
}
@inproceedings{guo2019attention,
  title={Attention based spatial-temporal graph convolutional networks for traffic flow forecasting},
  author={Guo, Shengnan and Lin, Youfang and Feng, Ning and Song, Chao and Wan, Huaiyu},
  booktitle={Proceedings of the AAAI Conference on Artificial Intelligence},
  volume={33},
  pages={922--929},
  year={2019}
}


